@article{turpin2005influenza,
	title={Influenza virus infection increases p53 activity: role of p53 in cell death and viral replication},
	author={Turpin, Elizabeth and Luke, Kimberly and Jones, Jeremy and Tumpey, Terrence and Konan, Kouacou and Schultz-Cherry, Stacey},
	journal={Journal of virology},
	volume={79},
	number={14},
	pages={8802--8811},
	year={2005},
	publisher={Am Soc Microbiol}
}





@article{dudek2010clinically,
	title={The clinically approved proteasome inhibitor PS-341 efficiently blocks influenza A virus and vesicular stomatitis virus propagation by establishing an antiviral state},
	author={Dudek, Sabine Eva and Luig, Christina and Pauli, Eva-Katharina and Schubert, Ulrich and Ludwig, Stephan},
	journal={Journal of virology},
	volume={84},
	number={18},
	pages={9439--9451},
	year={2010},
	publisher={Am Soc Microbiol}
}





@article{dubois2014influenza,
	title={Influenza viruses and mRNA splicing: doing more with less},
	author={Dubois, Julia and Terrier, Olivier and Rosa-Calatrava, Manuel},
	journal={MBio},
	volume={5},
	number={3},
	pages={e00070--14},
	year={2014},
	publisher={Am Soc Microbiol}
}



@article{yuan2013drugs,
	title={Drugs to cure avian influenza infection--multiple ways to prevent cell death},
	author={Yuan, S},
	journal={Cell death \& disease},
	volume={4},
	number={10},
	pages={e835},
	year={2013},
	publisher={Nature Publishing Group}
}

@article{davidson2014pathogenic,
	title={Pathogenic potential of interferon $\alpha$$\beta$ in acute influenza infection},
	author={Davidson, Sophia and Crotta, Stefania and McCabe, Teresa M and Wack, Andreas},
	journal={Nature communications},
	volume={5},
	year={2014},
	publisher={Nature Publishing Group}
}

@article{huang2009systematic,
	title={Systematic and integrative analysis of large gene lists using DAVID bioinformatics resources},
	author={Huang, Da Wei and Sherman, Brad T and Lempicki, Richard A},
	journal={Nature protocols},
	volume={4},
	number={1},
	pages={44--57},
	year={2009},
	publisher={Nature Publishing Group}
}

@article{huang2009bioinformatics,
	title={Bioinformatics enrichment tools: paths toward the comprehensive functional analysis of large gene lists},
	author={Huang, Da Wei and Sherman, Brad T and Lempicki, Richard A},
	journal={Nucleic acids research},
	volume={37},
	number={1},
	pages={1--13},
	year={2009},
	publisher={Oxford Univ Press}
}



@article{cargill1999characterization,
	title={Characterization of single-nucleotide polymorphisms in coding regions of human genes},
	author={Cargill, Michele and Altshuler, David and Ireland, James and Sklar, Pamela and Ardlie, Kristin and Patil, Nila and Lane, Charles R and Lim, Esther P and Kalyanaraman, Nilesh and Nemesh, James and others},
	journal={Nature genetics},
	volume={22},
	number={3},
	pages={231--238},
	year={1999},
	publisher={Nature Publishing Group}
}



@article{khoury2012population,
	title={A population approach to precision medicine},
	author={Khoury, Muin J and Gwinn, Marta L and Glasgow, Russell E and Kramer, Barnett S},
	journal={American journal of preventive medicine},
	volume={42},
	number={6},
	pages={639--645},
	year={2012},
	publisher={Elsevier}
}



@inproceedings{demchenko2012addressing,
	title={Addressing big data challenges for scientific data infrastructure},
	author={Demchenko, Yuri and Zhao, Zhiming and Grosso, Paola and Wibisono, Adianto and de Laat, Cees},
	booktitle={Cloud Computing Technology and Science (CloudCom), 2012 IEEE 4th International Conference on},
	pages={614--617},
	year={2012},
	organization={IEEE}
}

@article{BigData,
	author = {Stephens, Zachary D. AND Lee, Skylar Y. AND Faghri, Faraz AND Campbell, Roy H. AND Zhai, Chengxiang AND Efron, Miles J. AND Iyer, Ravishankar AND Schatz, Michael C. AND Sinha, Saurabh AND Robinson, Gene E.},
	journal = {PLoS Biol},
	publisher = {Public Library of Science},
	title = {Big Data: Astronomical or Genomical?},
	year = {2015},
	month = {07},
	volume = {13},
	url = {https://urldefense.proofpoint.com/v2/url?u=http-3A__dx.doi.org_10.1371-252Fjournal.pbio.1002195&d=CwIGaQ&c=6vgNTiRn9_pqCD9hKx9JgXN1VapJQ8JVoF8oWH1AgfQ&r=Ij_Ly18HaMnvorM1QNd3XtVS-RVOGq_w7qgttfPxQYL4KI-hVjF97TOwJ3vEdbYQ&m=C6Q9AWrHG0q_p4h7oaIVk-gAQ4oXxSvFwxVAO597TvY&s=i1Gwu7d3iVW8qHIUtl2e9_Jb1yD5AFbunt4w2PmETxU&e= },
	pages = {e1002195},
	abstract = {<p>This perspective considers the growth of genomics over the next ten years and assesses the computational needs that we will face relative to other "Big Data" activities such as astronomy, YouTube, and Twitter.</p>},
	number = {7},
	doi = {10.1371/journal.pbio.1002195}
}        


@article{pavlopoulos2011using,
  title={Using graph theory to analyze biological networks.},
  author={Pavlopoulos, Georgios A and Secrier, Maria and Moschopoulos, Charalampos N and Soldatos, Theodoros G and Kossida, Sophia and Aerts, Jan and Schneider, Reinhard and Bagos, Pantelis G and others},
  journal={BioData mining},
  volume={4},
  number={1},
  pages={10},
  year={2011}
}

@article{tibshirani1996regression,
  title={Regression shrinkage and selection via the lasso},
  author={Tibshirani, Robert},
  journal={Journal of the Royal Statistical Society. Series B (Methodological)},
  pages={267--288},
  year={1996},
  publisher={JSTOR}
}


@article{liang2008parameter,
  title={Parameter estimation for differential equation models using a framework of measurement error in regression models},
  author={Liang, Hua and Wu, Hulin},
  journal={Journal of the American Statistical Association},
  volume={103},
  number={484},
  year={2008}
}


@article{voit2004decoupling,
  title={Decoupling dynamical systems for pathway identification from metabolic profiles},
  author={Voit, Eberhard O and Almeida, Jonas},
  journal={Bioinformatics},
  volume={20},
  number={11},
  pages={1670--1681},
  year={2004},
  publisher={Oxford Univ Press}
}


@article{karlebach2008modelling,
  title={Modelling and analysis of gene regulatory networks},
  author={Karlebach, Guy and Shamir, Ron},
  journal={Nature Reviews Molecular Cell Biology},
  volume={9},
  number={10},
  pages={770--780},
  year={2008},
  publisher={Nature Publishing Group}
}

@article{huang2008systematic,
  title={Systematic and integrative analysis of large gene lists using DAVID bioinformatics resources},
  author={Huang, Da Wei and Sherman, Brad T and Lempicki, Richard A},
  journal={Nature protocols},
  volume={4},
  number={1},
  pages={44--57},
  year={2008},
  publisher={Nature Publishing Group}
}


@article{lim2007comparative,
  title={Comparative analysis of microarray normalization procedures: effects on reverse engineering gene networks},
  author={Lim, Wei Keat and Wang, Kai and Lefebvre, Celine and Califano, Andrea},
  journal={Bioinformatics},
  volume={23},
  number={13},
  pages={i282--i288},
  year={2007},
  publisher={Oxford Univ Press}
}


@article{millenaar2006decide,
  title={How to decide? Different methods of calculating gene expression from short oligonucleotide array data will give different results},
  author={Millenaar, Frank F and Okyere, John and May, Sean T and van Zanten, Martijn and Voesenek, Laurentius ACJ and Peeters, Anton JM},
  journal={BMC bioinformatics},
  volume={7},
  number={1},
  pages={137},
  year={2006},
  publisher={BioMed Central Ltd}
}


@article{MAS5,
  title={Statistical Algorithms Description Document},
  author={Affymetririx},
  journal={Affymetrix white papers},
  year={2002},
}


@article{wu2004model,
  title={A model-based background adjustment for oligonucleotide expression arrays},
  author={Wu, Zhijin and Irizarry, Rafael A and Gentleman, Robert and Martinez-Murillo, Francisco and Spencer, Forrest},
  journal={Journal of the American statistical Association},
  volume={99},
  number={468},
  pages={909--917},
  year={2004},
  publisher={Taylor \& Francis}
}


@article{irizarry2003exploration,
  title={Exploration, normalization, and summaries of high density oligonucleotide array probe level data},
  author={Irizarry, Rafael A and Hobbs, Bridget and Collin, Francois and Beazer-Barclay, Yasmin D and Antonellis, Kristen J and Scherf, Uwe and Speed, Terence P},
  journal={Biostatistics},
  volume={4},
  number={2},
  pages={249--264},
  year={2003},
  publisher={Biometrika Trust}
}


@article{hubbell2002robust,
  title={Robust estimators for expression analysis},
  author={Hubbell, Earl and Liu, Wei-Min and Mei, Rui},
  journal={Bioinformatics},
  volume={18},
  number={12},
  pages={1585--1592},
  year={2002},
  publisher={Oxford Univ Press}
}


@article{lipshutz1999high,
  title={High density synthetic oligonucleotide arrays},
  author={Lipshutz, Robert J and Fodor, Stephen PA and Gingeras, Thomas R and Lockhart, David J},
  journal={Nature genetics},
  volume={21},
  pages={20--24},
  year={1999},
  publisher={Nature Publishing Group}
}

@article{bolstad2003comparison,
  title={A comparison of normalization methods for high density oligonucleotide array data based on variance and bias},
  author={Bolstad, Benjamin M and Irizarry, Rafael A and {\AA}strand, Magnus and Speed, Terence P.},
  journal={Bioinformatics},
  volume={19},
  number={2},
  pages={185--193},
  year={2003},
  publisher={Oxford Univ Press}
}


@article{careycluster,
  title={Correlation-based iterative clustering methods for time course data: the identification of temporal gene response modules to influenza infection in humans},
  author={Carey, Michelle and  Wu, Shuang and Linel, Patrice and Gan, Guojun and Deng, Nan and Wu, Hulin},
  journal={Bioinformatics: under review},
  year={2015},
}


@article{yao2005functional,
  title={Functional data analysis for sparse longitudinal data},
  author={Yao, Fang and M{\"u}ller, Hans-Georg and Wang, Jane-Ling},
  journal={Journal of the American Statistical Association},
  volume={100},
  number={470},
  pages={577--590},
  year={2005},
  publisher={Taylor \& Francis}
}

@article{wu2013more,
  title={More powerful significant testing for time course gene expression data using functional principal component analysis approaches},
  author={Wu, Shuang and Wu, Hulin},
  journal={BMC bioinformatics},
  volume={14},
  number={1},
  pages={6},
  year={2013},
  publisher={BioMed Central Ltd}
}

@book{green1993nonparametric,
  title={Nonparametric regression and generalized linear models: a roughness penalty approach},
  author={Green, Peter J and Silverman, Bernard W},
  year={1993},
  publisher={CRC Press}
}

@book{silverman2005functional,
  title={Functional Data Analysis},
  author={Silverman, BW and Ramsay, JO},
  year={2005},
  publisher={Springer}
}

@article{obermoser2013systems,
  title={Systems scale interactive exploration reveals quantitative and qualitative differences in response to influenza and pneumococcal vaccines},
  author={Obermoser, Gerlinde and Presnell, Scott and Domico, Kelly and Xu, Hui and Wang, Yuanyuan and Anguiano, Esperanza and Thompson-Snipes, LuAnn and Ranganathan, Rajaram and Zeitner, Brad and Bjork, Anna and others},
  journal={Immunity},
  volume={38},
  number={4},
  pages={831--844},
  year={2013},
  publisher={Elsevier}
}

@book{sornette2004critical,
  title={Critical phenomena in natural sciences: chaos, fractals, selforganization and disorder: concepts and tools},
  author={Sornette, Didier},
  year={2004},
  publisher={Springer Science \& Business Media}
}


@article{hecker2009gene,
  title={Bioinformatics enrichment tools: paths toward the comprehensive functional analysis of large gene lists},
  author={Huang, Da Wei and Sherman, Brad T and Lempicki, Richard A},
  journal={Nucleic acids research},
  volume={37},
  number={1},
  pages={1-13},
  year={2009},
  publisher={Oxford Univ Press}
}

@article{da2008systematic,
  title={Systematic and integrative analysis of large gene lists using DAVID bioinformatics resources},
  author={Da Wei Huang, Brad T Sherman and Lempicki, Richard A},
  journal={Nature protocols},
  volume={4},
  number={1},
  pages={44--57},
  year={2008},
  publisher={Nature Publishing Group}
}

@article{producing,
  title={The transcriptional program in the response of human fibroblasts to serum},
  author={Iyer, Vishwanath R and Eisen, Michael B and Ross, Douglas T and Schuler, Greg and Moore, Troy and Lee, Jeffrey CF and Trent, Jeffrey M and Staudt, Louis M and Hudson, James and Boguski, Mark S and others},
  journal={Science},
  volume={283},
  number={5398},
  pages={83--87},
  year={1999},
  publisher={American Association for the Advancement of Science}
}

@article{eisen1998cluster,
  title={Cluster analysis and display of genome-wide expression patterns},
  author={Eisen, Michael B and Spellman, Paul T and Brown, Patrick O and Botstein, David},
  journal={Proceedings of the National Academy of Sciences},
  volume={95},
  number={25},
  pages={14863--14868},
  year={1998},
  publisher={National Acad Sciences}
}

@article{isaac1974determination,
  title={On the determination of appropriate dimensionality in data with error},
  author={Isaac, Paul D and Poor, David DS},
  journal={Psychometrika},
  volume={39},
  number={1},
  pages={91--109},
  year={1974},
  publisher={Springer}
}

@article{thorndike1953belongs,
  title={Who belongs in the family?},
  author={Thorndike, Robert L},
  journal={Psychometrika},
  volume={18},
  number={4},
  pages={267--276},
  year={1953},
  publisher={Springer}
}

@article{goutte1999clustering,
  title={On clustering fMRI time series},
  author={Goutte, Cyril and Toft, Peter and Rostrup, Egill and Nielsen, Finn AA and Hansen, Lars Kai},
  journal={NeuroImage},
  volume={9},
  number={3},
  pages={298--310},
  year={1999},
  publisher={Elsevier}
}

@book{gan2007data,
  title={Data clustering: theory, algorithms, and applications},
  author={Gan, Guojun and Ma, Chaoqun and Wu, Jianhong},
  volume={20},
  year={2007},
  publisher={Siam}
}

@article{ma2008penalized,
  title={Penalized clustering of large-scale functional data with multiple covariates},
  author={Ma, Ping and Zhong, Wenxuan},
  journal={Journal of the American Statistical Association},
  volume={103},
  number={482},
  year={2008}
}

@inproceedings{bar2002new,
  title={A new approach to analyzing gene expression time series data},
  author={Bar-Joseph, Ziv and Gerber, Georg and Gifford, David K and Jaakkola, Tommi S and Simon, Itamar},
  booktitle={Proceedings of the sixth annual international conference on Computational biology},
  pages={39--48},
  year={2002},
  organization={ACM}
}

@article{mosmann2014swift,
  title={SWIFT scalable clustering for automated identification of rare cell populations in large, high-dimensional flow cytometry datasets, Part 2: Biological evaluation},
  author={Mosmann, Tim R and Naim, Iftekhar and Rebhahn, Jonathan and Datta, Suprakash and Cavenaugh, James S and Weaver, Jason M and Sharma, Gaurav},
  journal={Cytometry Part A},
  year={2014},
  publisher={Wiley Online Library}
}

@article{naim2014swift,
  title={SWIFT scalable clustering for automated identification of rare cell populations in large, high-dimensional flow cytometry datasets, Part 1: Algorithm design},
  author={Naim, Iftekhar and Datta, Suprakash and Rebhahn, Jonathan and Cavenaugh, James S and Mosmann, Tim R and Sharma, Gaurav},
  journal={Cytometry Part A},
  year={2014},
  publisher={Wiley Online Library}
}

@article{chan2008modeling,
  title={Modeling, clustering, and segmenting video with mixtures of dynamic textures},
  author={Chan, Antoni B and Vasconcelos, Nuno},
  journal={Pattern Analysis and Machine Intelligence, IEEE Transactions on},
  volume={30},
  number={5},
  pages={909--926},
  year={2008},
  publisher={IEEE}
}

@article{yeung2002reverse,
  title={Reverse engineering gene networks using singular value decomposition and robust regression},
  author={Yeung, MK Stephen and Tegn{\'e}r, Jesper and Collins, James J},
  journal={Proceedings of the National Academy of Sciences},
  volume={99},
  number={9},
  pages={6163--6168},
  year={2002},
  publisher={National Acad Sciences}
}

@article{holter2001dynamic,
  title={Dynamic modeling of gene expression data},
  author={Holter, Neal S and Maritan, Amos and Cieplak, Marek and Fedoroff, Nina V and Banavar, Jayanth R},
  journal={Proceedings of the National Academy of Sciences},
  volume={98},
  number={4},
  pages={1693--1698},
  year={2001},
  publisher={National Acad Sciences}
}

@article{shimamura2009recursive,
  title={Recursive regularization for inferring gene networks from time-course gene expression profiles},
  author={Shimamura, Teppei and Imoto, Seiya and Yamaguchi, Rui and Fujita, Andr{\'e} and Nagasaki, Masao and Miyano, Satoru},
  journal={BMC Systems Biology},
  volume={3},
  number={1},
  pages={41},
  year={2009},
  publisher={BioMed Central Ltd}
}

@article{hirose2008statistical,
  title={Statistical inference of transcriptional module-based gene networks from time course gene expression profiles by using state space models},
  author={Hirose, Osamu and Yoshida, Ryo and Imoto, Seiya and Yamaguchi, Rui and Higuchi, Tomoyuki and Charnock-Jones, D Stephen and Miyano, Satoru and others},
  journal={Bioinformatics},
  volume={24},
  number={7},
  pages={932--942},
  year={2008},
  publisher={Oxford Univ Press}
}


@article{zou2005new,
  title={A new dynamic Bayesian network (DBN) approach for identifying gene regulatory networks from time course microarray data},
  author={Zou, Min and Conzen, Suzanne D},
  journal={Bioinformatics},
  volume={21},
  number={1},
  pages={71--79},
  year={2005},
  publisher={Oxford Univ Press}
}


@article{stuart2003gene,
  title={A gene-coexpression network for global discovery of conserved genetic modules},
  author={Stuart, Joshua M and Segal, Eran and Koller, Daphne and Kim, Stuart K},
  journal={science},
  volume={302},
  number={5643},
  pages={249--255},
  year={2003},
  publisher={American Association for the Advancement of Science}
}


@article{hecker2009gene,
  title={Gene regulatory network inference: data integration in dynamic models?a review},
  author={Hecker, Michael and Lambeck, Sandro and Toepfer, Susanne and Van Someren, Eugene and Guthke, Reinhard},
  journal={Biosystems},
  volume={96},
  number={1},
  pages={86--103},
  year={2009},
  publisher={Elsevier}
}

@article{barrett2013ncbi,
	title={NCBI GEO: archive for functional genomics data sets—update},
	author={Barrett, Tanya and Wilhite, Stephen E and Ledoux, Pierre and Evangelista, Carlos and Kim, Irene F and Tomashevsky, Maxim and Marshall, Kimberly A and Phillippy, Katherine H and Sherman, Patti M and Holko, Michelle and others},
	journal={Nucleic acids research},
	volume={41},
	number={D1},
	pages={D991--D995},
	year={2013},
	publisher={Oxford Univ Press}
}



@article{edgar2002gene,
	title={Gene Expression Omnibus: NCBI gene expression and hybridization array data repository},
	author={Edgar, Ron and Domrachev, Michael and Lash, Alex E},
	journal={Nucleic acids research},
	volume={30},
	number={1},
	pages={207--210},
	year={2002},
	publisher={Oxford Univ Press}
}

@article{carthew2009origins,
  title={Origins and mechanisms of miRNAs and siRNAs},
  author={Carthew, Richard W and Sontheimer, Erik J},
  journal={Cell},
  volume={136},
  number={4},
  pages={642--655},
  year={2009},
  publisher={Elsevier}
}
@article{hood2011predictive,
	title={Predictive, personalized, preventive, participatory (P4) cancer medicine},
	author={Hood, Leroy and Friend, Stephen H},
	journal={Nature Reviews Clinical Oncology},
	volume={8},
	number={3},
	pages={184--187},
	year={2011},
	publisher={Nature Publishing Group}
}



@article{lee2004coexpression,
	title={Coexpression analysis of human genes across many microarray data sets},
	author={Lee, Homin K and Hsu, Amy K and Sajdak, Jon and Qin, Jie and Pavlidis, Paul},
	journal={Genome research},
	volume={14},
	number={6},
	pages={1085--1094},
	year={2004},
	publisher={Cold Spring Harbor Lab}
}

@article{huber2007graphs,
	title={Graphs in molecular biology},
	author={Huber, Wolfgang and Carey, Vincent J and Long, Li and Falcon, Seth and Gentleman, Robert},
	journal={BMC bioinformatics},
	volume={8},
	number={6},
	pages={1},
	year={2007},
	publisher={BioMed Central}
}

@techreport{bard1974nonlinear,
	title={Nonlinear parameter estimation},
	author={Bard, Yonathan and Bard, Yonathan},
	year={1974}
}


@article{hemker1972numerical,
	title={Numerical methods for differential equations in system simulation and in parameter estimation},
	author={Hemker, PW},
	journal={Analysis and Simulation of biochemical systems},
	pages={59--80},
	year={1972}
}


@article{pavlopoulos2011using,
  title={Using graph theory to analyze biological networks.},
  author={Pavlopoulos, Georgios A and Secrier, Maria and Moschopoulos, Charalampos N and Soldatos, Theodoros G and Kossida, Sophia and Aerts, Jan and Schneider, Reinhard and Bagos, Pantelis G and others},
  journal={BioData mining},
  volume={4},
  number={1},
  pages={10},
  year={2011}
}

@article{vlasblom2009markov,
  title={Markov clustering versus affinity propagation for the partitioning of protein interaction graphs},
  author={Vlasblom, James and Wodak, Shoshana J},
  journal={BMC bioinformatics},
  volume={10},
  number={1},
  pages={99},
  year={2009},
  publisher={BioMed Central Ltd}
}

@article{ramoni2002bayesian,
  title={Bayesian clustering by dynamics},
  author={Ramoni, Marco and Sebastiani, Paola and Cohen, Paul},
  journal={Machine learning},
  volume={47},
  number={1},
  pages={91--121},
  year={2002},
  publisher={Springer}
}

@article{schliep2003using,
  title={Using hidden Markov models to analyze gene expression time course data},
  author={Schliep, Alexander and Sch{\"o}nhuth, Alexander and Steinhoff, Christine},
  journal={Bioinformatics},
  volume={19},
  number={suppl 1},
  pages={i255--i263},
  year={2003},
  publisher={Oxford Univ Press}
}

@article{ramoni2002cluster,
  title={Cluster analysis of gene expression dynamics},
  author={Ramoni, Marco F and Sebastiani, Paola and Kohane, Isaac S},
  journal={Proceedings of the National Academy of Sciences},
  volume={99},
  number={14},
  pages={9121--9126},
  year={2002},
  publisher={National Acad Sciences}
}

@article{rice2001nonparametric,
  title={Nonparametric mixed effects models for unequally sampled noisy curves},
  author={Rice, John A and Wu, Colin O},
  journal={Biometrics},
  volume={57},
  number={1},
  pages={253--259},
  year={2001},
  publisher={Wiley Online Library}
}

@article{ma2006data,
  title={A data-driven clustering method for time course gene expression data},
  author={Ma, Ping and Castillo-Davis, Cristian I and Zhong, Wenxuan and Liu, Jun S},
  journal={Nucleic Acids Research},
  volume={34},
  number={4},
  pages={1261--1269},
  year={2006},
  publisher={Oxford Univ Press}
}


@article{cron2013hierarchical,
  title={Hierarchical modeling for rare event detection and cell subset alignment across flow cytometry samples},
  author={Cron, Andrew and Gouttefangeas, C{\'e}cile and Frelinger, Jacob and Lin, Lin and Singh, Satwinder K and Britten, Cedrik M and Welters, Marij JP and van der Burg, Sjoerd H and West, Mike and Chan, Cliburn},
  journal={PLoS computational biology},
  volume={9},
  number={7},
  pages={e1003130},
  year={2013},
  publisher={Public Library of Science}
}

@inproceedings{ester1996density,
  title={A density-based algorithm for discovering clusters in large spatial databases with noise.},
  author={Ester, Martin and Kriegel, Hans-Peter and Sander, J{\"o}rg and Xu, Xiaowei},
  booktitle={Kdd},
  volume={96},
  pages={226--231},
  year={1996}
}



@article{heckman2000comparing,
  title={Comparing the shapes of regression functions},
  author={Heckman, Nancy E and Zamar, Ruben H},
  journal={Biometrika},
  volume={87},
  number={1},
  pages={135--144},
  year={2000},
  publisher={Biometrika Trust}
}

@article{ailon2013breaking,
  title={Breaking the small cluster barrier of graph clustering},
  author={Ailon, Nir and Chen, Yudong and Huan, Xu},
  journal={arXiv preprint arXiv:1302.4549},
  year={2013}
}

@article{miao2011identifiability,
  title={On identifiability of nonlinear ODE models and applications in viral dynamics},
  author={Miao, Hongyu and Xia, Xiaohua and Perelson, Alan S and Wu, Hulin},
  journal={SIAM review},
  volume={53},
  number={1},
  pages={3--39},
  year={2011},
  publisher={SIAM}
}

@incollection{wu2013high,
  title={High-Dimensional Ordinary Differential Equation Models for Reconstructing Genome-Wide Dynamic Regulatory Networks},
  author={Wu, Shuang and Liu, Zhi-Ping and Qiu, Xing and Wu, Hulin},
  booktitle={Topics in Applied Statistics},
  pages={173--190},
  year={2013},
  publisher={Springer}
}

@article{lu2011high,
  title={High-dimensional ODEs coupled with mixed-effects modeling techniques for dynamic gene regulatory network identification},
  author={Lu, Tao and Liang, Hua and Li, Hongzhe and Wu, Hulin},
  journal={Journal of the American Statistical Association},
  volume={106},
  number={496},
  year={2011}
}

@article{hecker2009gene,
  title={Gene regulatory network inference: data integration in dynamic models?a review},
  author={Hecker, Michael and Lambeck, Sandro and Toepfer, Susanne and Van Someren, Eugene and Guthke, Reinhard},
  journal={Biosystems},
  volume={96},
  number={1},
  pages={86--103},
  year={2009},
  publisher={Elsevier}
}

@article{shannon2003cytoscape,
  title={Cytoscape: a software environment for integrated models of biomolecular interaction networks},
  author={Shannon, Paul and Markiel, Andrew and Ozier, Owen and Baliga, Nitin S and Wang, Jonathan T and Ramage, Daniel and Amin, Nada and Schwikowski, Benno and Ideker, Trey},
  journal={Genome research},
  volume={13},
  number={11},
  pages={2498--2504},
  year={2003},
  publisher={Cold Spring Harbor Lab}
}


@article{clauset2009power,
  title={Power-law distributions in empirical data},
  author={Clauset, Aaron and Shalizi, Cosma Rohilla and Newman, Mark EJ},
  journal={SIAM review},
  volume={51},
  number={4},
  pages={661--703},
  year={2009},
  publisher={SIAM}
}

@inproceedings{huynen1997power,
  title={Power-laws in the size distribution of gene families in complete genomes: biological interpretations},
  author={Huynen, Martijn A and Van Nimwegen, Erik},
  year={1997}
}

@article{jackson1958transmission,
  title={Transmission of the common cold to volunteers under controlled conditions: I. The common cold as a clinical entity},
  author={Jackson, George Gee and Dowling, Harry F and Spiesman, Irwin G and Boand, Arthur V},
  journal={AMA archives of internal medicine},
  volume={101},
  number={2},
  pages={267--278},
  year={1958},
  publisher={American Medical Association}
}

@article{fraley2002model,
  title={Model-based clustering, discriminant analysis, and density estimation},
  author={Fraley, Chris and Raftery, Adrian E},
  journal={Journal of the American Statistical Association},
  volume={97},
  number={458},
  pages={611--631},
  year={2002},
  publisher={Taylor \& Francis}
}

@article{brohee2006evaluation,
  title={Evaluation of clustering algorithms for protein-protein interaction networks},
  author={Brohee, Sylvain and van Helden, Jacques},
  journal={BMC bioinformatics},
  volume={7},
  number={1},
  pages={488},
  year={2006},
  publisher={BioMed Central Ltd}
}

@article{king2004protein,
  title={Protein complex prediction via cost-based clustering},
  author={King, Andrew D and Przulj, N and Jurisica, Igor},
  journal={Bioinformatics},
  volume={20},
  number={17},
  pages={3013--3020},
  year={2004},
  publisher={Oxford Univ Press}
}

@phdthesis{king2004graph,
  title={Graph clustering with restricted neighbourhood search},
  author={King, Andrew Douglas},
  year={2004},
  school={Citeseer}
}

@article{bader2003automated,
  title={An automated method for finding molecular complexes in large protein interaction networks},
  author={Bader, Gary D and Hogue, Christopher WV},
  journal={BMC bioinformatics},
  volume={4},
  number={1},
  pages={2},
  year={2003},
  publisher={BioMed Central Ltd}
}

@article{linel2014dynamic,
  title={Dynamic transcriptional signatures and network responses for clinical symptoms in influenza-infected human subjects using systems biology approaches},
  author={Linel, Patrice and Wu, Shuang and Deng, Nan and Wu, Hulin},
  journal={Journal of pharmacokinetics and pharmacodynamics},
  pages={1--13},
  year={2014},
  publisher={Springer}
}

@article{Woods,
    author = {Woods, , Christopher W. AND McClain, , Micah T. AND Chen, , Minhua AND Zaas, , Aimee K. AND Nicholson, , Bradly P. AND Varkey, , Jay AND
    Veldman, , Timothy AND Kingsmore, , Stephen F. AND Huang, , Yongsheng AND Lambkin-Williams, , Robert AND Gilbert, , Anthony G. AND Hero, III,
    Alfred O. AND Ramsburg, , Elizabeth AND Glickman, , Seth AND Lucas, , Joseph E. AND Carin, , Lawrence AND Ginsburg, , Geoffrey S.},
    journal = {PLoS ONE},
    publisher = {Public Library of Science},
    title = {A Host Transcriptional Signature for Presymptomatic Detection of Infection in Humans Exposed to Influenza H1N1 or H3N2},
    year = {2013},
    month = {01},
    volume = {8},
    url = {https://urldefense.proofpoint.com/v2/url?u=http-3A__dx.doi.org_10.1371-252Fjournal.pone.0052198&d=CwIGaQ&c=6vgNTiRn9_pqCD9hKx9JgXN1VapJQ8JVoF8oWH1AgfQ&r=Ij_Ly18HaMnvorM1QNd3XtVS-RVOGq_w7qgttfPxQYL4KI-hVjF97TOwJ3vEdbYQ&m=C6Q9AWrHG0q_p4h7oaIVk-gAQ4oXxSvFwxVAO597TvY&s=9Tq6DadZgf074T3RnMkxonlTKfIyuoiaO2wsx6BS6SY&e= },
    pages = {e52198},
    abstract = {<p>There is great potential for host-based gene expression analysis to impact the early diagnosis of infectious diseases. In
    particular, the influenza pandemic of 2009 highlighted the challenges and limitations of traditional pathogen-based testing for suspected upper
    respiratory viral infection. We inoculated human volunteers with either influenza A (A/Brisbane/59/2007 (H1N1) or A/Wisconsin/67/2005 (H3N2)), and
    assayed the peripheral blood transcriptome every 8 hours for 7 days. Of 41 inoculated volunteers, 18 (44%) developed symptomatic infection. Using
    unbiased sparse latent factor regression analysis, we generated a gene signature (or factor) for symptomatic influenza capable of detecting 94% of
    infected cases. This gene signature is detectable as early as 29 hours post-exposure and achieves maximal accuracy on average 43 hours
    (p = 0.003, H1N1) and 38 hours (p-value = 0.005, H3N2) before peak clinical symptoms. In order to test the relevance of these findings in
    naturally acquired disease, a composite influenza A signature built from these challenge studies was applied to Emergency Department patients where
    it discriminates between swine-origin influenza A/H1N1 (2009) infected and non-infected individuals with 92% accuracy. The host genomic response to
    Influenza infection is robust and may provide the means for detection before typical clinical symptoms are apparent.</p>},
    number = {1},
    doi = {10.1371/journal.pone.0052198}
}

@article{Zaas09,
    author = {Zaas,, AK1, AND Chen,, M AND Varkey,, J AND Veldman,, T AND Hero,, AO 3rd AND Lucas,, J,AND  Huang,, Y AND Turner,, R AND Gilbert,, A AND Lambkin-Williams,, R AND Oien,, NC AND Nicholson,, B,
    Kingsmore,, S AND Carin,, L AND Woods,, CW AND Ginsburg,, GS},
    journal = {Cell Host Microbe},
    title = {Gene expression signatures diagnose influenza and other symptomatic respiratory viral infections in humans.},
    year = {2009},
    month = {09},
    volume = {6},
    url = {https://urldefense.proofpoint.com/v2/url?u=http-3A__www.ncbi.nlm.nih.gov_pubmed_19664979&d=CwIGaQ&c=6vgNTiRn9_pqCD9hKx9JgXN1VapJQ8JVoF8oWH1AgfQ&r=Ij_Ly18HaMnvorM1QNd3XtVS-RVOGq_w7qgttfPxQYL4KI-hVjF97TOwJ3vEdbYQ&m=C6Q9AWrHG0q_p4h7oaIVk-gAQ4oXxSvFwxVAO597TvY&s=y4Ef0gPKHCHk-bWeeUBnCG91sCJoQhx_02svaDQsyZo&e= },
    pages = {207-117},
    number = {3},
    doi = { 10.1016/j.chom.2009.07.006}
}

@article{Wilkinson,
    author = {Wilkinson,, TM1, AND Li,, CK AND Chui,, CS AND Huang,, AK AND Perkins,, M AND Liebner,, JC AND Lambkin-Williams,, R AND Gilbert,, A AND Oxford,, J AND Nicholas,, B AND Staples,, KJ AND Dong,, T AND Douek,, DC AND
    McMichael,, AJ AND Xu,, XN.},
    journal = {Nature Medicine},
    title = {Preexisting influenza-specific CD4+ T cells correlate with disease protection against influenza challenge in humans},
    year = {2012},
    month = {10},
    volume = {18},
    url = {https://urldefense.proofpoint.com/v2/url?u=http-3A__www.nature.com_nm_journal_v18_n2_full_nm.2612.html&d=CwIGaQ&c=6vgNTiRn9_pqCD9hKx9JgXN1VapJQ8JVoF8oWH1AgfQ&r=Ij_Ly18HaMnvorM1QNd3XtVS-RVOGq_w7qgttfPxQYL4KI-hVjF97TOwJ3vEdbYQ&m=C6Q9AWrHG0q_p4h7oaIVk-gAQ4oXxSvFwxVAO597TvY&s=Xoh1bw8fm_CxYVtgX3l_F2LkJQ39dWtOSEHwLrLhils&e= },
    pages = {274-280},
    doi = {10.1038/nm.2612}
}

@article{Huang,
    author = {Huang, Yongsheng AND Zaas, Aimee K. AND Rao, Arvind AND Dobigeon, Nicolas AND Woolf, Peter J. AND Veldman, Timothy AND Oien, N. Christine AND McClain, Micah T. AND Varkey, Jay B. AND Nicholson, Bradley AND Carin, Lawrence AND Kingsmore, Stephen AND Woods, Christopher W. AND Ginsburg, Geoffrey S. AND Hero, III, Alfred O.},
    journal = {PLoS Genet},
    publisher = {Public Library of Science},
    title = {Temporal Dynamics of Host Molecular Responses Differentiate Symptomatic and Asymptomatic Influenza A Infection},
    year = {2011},
    month = {08},
    volume = {7},
    url = {https://urldefense.proofpoint.com/v2/url?u=http-3A__dx.doi.org_10.1371-252Fjournal.pgen.1002234&d=CwIGaQ&c=6vgNTiRn9_pqCD9hKx9JgXN1VapJQ8JVoF8oWH1AgfQ&r=Ij_Ly18HaMnvorM1QNd3XtVS-RVOGq_w7qgttfPxQYL4KI-hVjF97TOwJ3vEdbYQ&m=C6Q9AWrHG0q_p4h7oaIVk-gAQ4oXxSvFwxVAO597TvY&s=vaq1OqSBv7xZt8tBm1n8jb3sP6swNYazB0POsdN-2yo&e= },
    pages = {e1002234},
    abstract = {
        <title>Author Summary</title>
        <p>The transcriptional responses of human hosts towards influenza viral pathogens are important for understanding virus-mediated immunopathology. Despite great advances gained through studies using model organisms, the complete temporal host transcriptional responses in a natural human system are poorly understood. In a human challenge study using live influenza (H3N2/Wisconsin) viruses, we conducted a clinically uninformed (unsupervised) factor analysis on gene expression profiles and established an <italic>ab initio</italic> molecular signature that strongly correlates to symptomatic clinical disease. This is followed by the identification of 42 biomarkers whose expression patterns best differentiate early from late phases of infection. In parallel, a clinically informed (supervised) analysis revealed over-stimulation of multiple viral sensing pathways in symptomatic hosts and linked their temporal trajectory with development of diverse clinical signs and symptoms. The resultant inflammatory cytokine profiles were shown to contribute to the pathogenesis because their significant increase preceded disease manifestation by 36 hours. In subclinical asymptomatic hosts, we discovered strong transcriptional regulation of genes involved in inflammasome activation, genes encoding virus interacting proteins, and evidence of active anti-oxidant and cell-mediated innate immune response. Taken together, our findings offer insights into influenza virus-induced pathogenesis and provide a valuable tool for disease monitoring and management in natural environments.</p>
      },
    number = {8},
    doi = {10.1371/journal.pgen.1002234}
}

@article{hartigan1979algorithm,
  title={Algorithm AS 136: A k-means clustering algorithm},
  author={Hartigan, John A and Wong, Manchek A},
  journal={Applied statistics},
  pages={100--108},
  year={1979},
  publisher={JSTOR}
}

@article{eisen1998cluster,
  title={Cluster analysis and display of genome-wide expression patterns},
  author={Eisen, Michael B and Spellman, Paul T and Brown, Patrick O and Botstein, David},
  journal={Proceedings of the National Academy of Sciences},
  volume={95},
  number={25},
  pages={14863--14868},
  year={1998},
  publisher={National Acad Sciences}
}

@article{kohonen1995springer,
  title={Springer series in information sciences},
  author={Kohonen, Teuvo and Maps, Self-Organizing},
  journal={Self-organizing maps},
  volume={30},
  year={1995},
  publisher={Springer}
}

@article{fraley2002model,
  title={Model-based clustering, discriminant analysis, and density estimation},
  author={Fraley, Chris and Raftery, Adrian E},
  journal={Journal of the American Statistical Association},
  volume={97},
  number={458},
  pages={611--631},
  year={2002},
  publisher={Taylor \& Francis}
}

@article{haeseleer05,
    abstract = {{Clustering is often one of the first steps in gene expression analysis. How do clustering algorithms work, which ones should we use and what can we expect from them?}},
    author = {D'haeseleer, Patrik},
    citeulike-article-id = {423700},
    citeulike-linkout-0 = {https://urldefense.proofpoint.com/v2/url?u=http-3A__dx.doi.org_10.1038_nbt1205-2D1499&d=CwIGaQ&c=6vgNTiRn9_pqCD9hKx9JgXN1VapJQ8JVoF8oWH1AgfQ&r=Ij_Ly18HaMnvorM1QNd3XtVS-RVOGq_w7qgttfPxQYL4KI-hVjF97TOwJ3vEdbYQ&m=C6Q9AWrHG0q_p4h7oaIVk-gAQ4oXxSvFwxVAO597TvY&s=sWAMlQwBraHrMY3b71QMGQ1Y8afQc7A9Dq9D_n-71YE&e= },
    citeulike-linkout-1 = {https://urldefense.proofpoint.com/v2/url?u=http-3A__dx.doi.org_10.1038_nbt1205-2D1499&d=CwIGaQ&c=6vgNTiRn9_pqCD9hKx9JgXN1VapJQ8JVoF8oWH1AgfQ&r=Ij_Ly18HaMnvorM1QNd3XtVS-RVOGq_w7qgttfPxQYL4KI-hVjF97TOwJ3vEdbYQ&m=C6Q9AWrHG0q_p4h7oaIVk-gAQ4oXxSvFwxVAO597TvY&s=sWAMlQwBraHrMY3b71QMGQ1Y8afQc7A9Dq9D_n-71YE&e= },
    citeulike-linkout-2 = {https://urldefense.proofpoint.com/v2/url?u=http-3A__view.ncbi.nlm.nih.gov_pubmed_16333293&d=CwIGaQ&c=6vgNTiRn9_pqCD9hKx9JgXN1VapJQ8JVoF8oWH1AgfQ&r=Ij_Ly18HaMnvorM1QNd3XtVS-RVOGq_w7qgttfPxQYL4KI-hVjF97TOwJ3vEdbYQ&m=C6Q9AWrHG0q_p4h7oaIVk-gAQ4oXxSvFwxVAO597TvY&s=XGx8nWuu_IjgvmTsyRQ5xTxzvV8dJUKNJ3PTz9ShXAM&e= },
    citeulike-linkout-3 = {https://urldefense.proofpoint.com/v2/url?u=http-3A__www.hubmed.org_display.cgi-3Fuids-3D16333293&d=CwIGaQ&c=6vgNTiRn9_pqCD9hKx9JgXN1VapJQ8JVoF8oWH1AgfQ&r=Ij_Ly18HaMnvorM1QNd3XtVS-RVOGq_w7qgttfPxQYL4KI-hVjF97TOwJ3vEdbYQ&m=C6Q9AWrHG0q_p4h7oaIVk-gAQ4oXxSvFwxVAO597TvY&s=ymNZ7XqSzBmzy2FiLIXEPQfX_UMw6Q2Fz_yHpWOJ2Hc&e= },
    day = {01},
    doi = {10.1038/nbt1205-1499},
    issn = {1087-0156},
    journal = {Nature Biotechnology},
    keywords = {clustering, gene\_expression},
    month = dec,
    number = {12},
    pages = {1499--1501},
    pmid = {16333293},
    posted-at = {2012-11-07 11:24:36},
    priority = {2},
    publisher = {Nature Publishing Group},
    title = {{How does gene expression clustering work?}},
    url = {https://urldefense.proofpoint.com/v2/url?u=http-3A__dx.doi.org_10.1038_nbt1205-2D1499&d=CwIGaQ&c=6vgNTiRn9_pqCD9hKx9JgXN1VapJQ8JVoF8oWH1AgfQ&r=Ij_Ly18HaMnvorM1QNd3XtVS-RVOGq_w7qgttfPxQYL4KI-hVjF97TOwJ3vEdbYQ&m=C6Q9AWrHG0q_p4h7oaIVk-gAQ4oXxSvFwxVAO597TvY&s=sWAMlQwBraHrMY3b71QMGQ1Y8afQc7A9Dq9D_n-71YE&e= },
    volume = {23},
    year = {2005}
}

@article{heyer1999exploring,
  title={Exploring expression data: identification and analysis of coexpressed genes},
  author={Heyer, Laurie J and Kruglyak, Semyon and Yooseph, Shibu},
  journal={Genome research},
  volume={9},
  number={11},
  pages={1106--1115},
  year={1999},
  publisher={Cold Spring Harbor Lab}
}

@article{lukashin2003topology,
  title={Topology of gene expression networks as revealed by data mining and modeling},
  author={Lukashin, Alexander V and Lukashev, Matvey E and Fuchs, Rainer},
  journal={Bioinformatics},
  volume={19},
  number={15},
  pages={1909--1916},
  year={2003},
  publisher={Oxford Univ Press}
}

@PhdThesis{MCL,
           title = "{Graph Clustering by Flow Simulation}",
          author = "Stijn van Dongen",
          school = "University of Utrecht",
           month = may,
            year = "2000",
}

@ARTICLE{Stuart03agene-coexpression,
    author = {Joshua M. Stuart and Eran Segal and Daphne Koller and Stuart K. Kim},
    title = {A gene-coexpression network for global discovery of conserved genetic modules},
    journal = {Science},
    year = {2003},
    volume = {302},
    pages = {249--255}
}

@article{freeman2007construction,
  title={Construction, visualisation, and clustering of transcription networks from microarray expression data},
  author={Freeman, Tom C and Goldovsky, Leon and Brosch, Markus and Van Dongen, Stijn and Mazi{\`e}re, Pierre and Grocock, Russell J and Freilich, Shiri and Thornton, Janet and Enright, Anton J},
  journal={PLoS computational biology},
  volume={3},
  number={10},
  pages={e206},
  year={2007},
  publisher={Public Library of Science}
}

@article{lu2011high,
  title={High-dimensional ODEs coupled with mixed-effects modeling techniques for dynamic gene regulatory network identification},
  author={Lu, Tao and Liang, Hua and Li, Hongzhe and Wu, Hulin},
  journal={Journal of the American Statistical Association},
  volume={106},
  number={496},
  year={2011}
}

@article{van2000graph,
  title={Graph clustering by flow simulation},
  author={Van Dongen, Stijn Marinus},
  year={2000}
}

@article{futschik2005noise,
  title={Noise-robust soft clustering of gene expression time-course data},
  author={Futschik, Matthias E and Carlisle, Bronwyn},
  journal={Journal of bioinformatics and computational biology},
  volume={3},
  number={04},
  pages={965--988},
  year={2005},
  publisher={World Scientific}
}

@article{leone2007clustering,
  title={Clustering by soft-constraint affinity propagation: applications to gene-expression data},
  author={Leone, Michele and Weigt, Martin and others},
  journal={Bioinformatics},
  volume={23},
  number={20},
  pages={2708--2715},
  year={2007},
  publisher={Oxford Univ Press}
}
